@Article{pagano_trichtler1983,
author = { Marcello { Pagano } and  David  {Tritchler}},
title = {On Obtaining Permutation Distributions in Polynomial Time},
journal = {Journal of the American Statistical Association},
volume = {78},
number = {382},
pages = {435-440},
year  = {1983},
publisher = {Taylor & Francis},
doi = {10.1080/01621459.1983.10477990},
URL = {
        https://amstat.tandfonline.com/doi/abs/10.1080/01621459.1983.10477990

},
eprint = {
        https://amstat.tandfonline.com/doi/pdf/10.1080/01621459.1983.10477990

}
}

@Article{zimmermann1985,
author = { H. {Zimmermann}},
title = {Exact Calculation of Permutational Distributions for Two Independent Samples},
journal = {Biometrical Journal},
volume = {4},
pages = {431-434},
year  = {1985},
doi = {10.1002/bimj.4710270414},
}

@article{segal2018fast,
  title={Fast approximation of small p-values in permutation tests by partitioning the permutations},
  author={Segal, Brian D and Braun, Thomas and Elliott, Michael R and Jiang, Hui},
  journal={Biometrics},
  volume={74},
  number={1},
  pages={196--206},
  year={2018},
  publisher={Wiley Online Library}
}

@incollection{pollard2005multiple,
  title={Multiple testing procedures: the multtest package and applications to genomics},
  author={Pollard, Katherine S and Dudoit, Sandrine and van der Laan, Mark J},
  booktitle={Bioinformatics and computational biology solutions using R and bioconductor},
  pages={249--271},
  year={2005},
  publisher={Springer}
}
